<collection xmlns="http://www.loc.gov/MARC21/slim">
<record>
  <leader>01648nam0a2200313 i 450 </leader>
  <controlfield tag="001">IT\ICCU\CNCE\063582</controlfield>
  <controlfield tag="005">20130322000000.0</controlfield>
  <datafield tag="012" ind1=" " ind2=" ">
    <subfield code="a">nano oite o.io OgIo (C) 1540 (R)</subfield>
    <subfield code="2">fei</subfield>
  </datafield>
  <datafield tag="100" ind1=" " ind2=" ">
    <subfield code="a">20060105d1540        0itac0103    ba</subfield>
  </datafield>
  <datafield tag="101" ind1=" " ind2=" ">
    <subfield code="a">ITA</subfield>
  </datafield>
  <datafield tag="102" ind1=" " ind2=" ">
    <subfield code="a">IT</subfield>
  </datafield>
  <datafield tag="200" ind1="1" ind2=" ">
    <subfield code="a">Commedia di Maggio. Composta per Marcello di Giouanni Roncaglia da Sarteano. Interlocutori. Androgenia, Dari, Ortentia, Frasia ninfe ...</subfield>
  </datafield>
  <datafield tag="210" ind1=" " ind2=" ">
    <subfield code="e">Stampata in Siena</subfield>
    <subfield code="g">per Calisto di Simeone</subfield>
    <subfield code="g">adistantia \!! di Giovanni d&apos;Alisandro</subfield>
    <subfield code="h">adi 24 di dicembre 1540</subfield>
  </datafield>
  <datafield tag="215" ind1=" " ind2=" ">
    <subfield code="a">\16! c.</subfield>
    <subfield code="d">8ʻ</subfield>
  </datafield>
  <datafield tag="620" ind1=" " ind2=" ">
    <subfield code="a">IT</subfield>
    <subfield code="d">Siena</subfield>
  </datafield>
  <datafield tag="700" ind1=" " ind2="1">
    <subfield code="a">Roncaglia,</subfield>
    <subfield code="b">Marcello</subfield>
    <subfield code="3">IT\ICCU\CNCA\016978</subfield>
  </datafield>
  <datafield tag="712" ind1="0" ind2="0">
    <subfield code="a">Nardi, Callisto</subfield>
    <subfield code="3">IT\ICCU\CNCT\000726</subfield>
    <subfield code="4">650</subfield>
  </datafield>
  <datafield tag="712" ind1="0" ind2="0">
    <subfield code="a">Landi, Giovanni</subfield>
    <subfield code="3">IT\ICCU\CNCT\000325</subfield>
    <subfield code="4">650</subfield>
  </datafield>
  <datafield tag="791" ind1="0" ind2="2">
    <subfield code="a">Calixtus Simeonis</subfield>
    <subfield code="3">IT\ICCU\CNCT\002398</subfield>
    <subfield code="z">Nardi, Callisto</subfield>
  </datafield>
  <datafield tag="791" ind1="0" ind2="2">
    <subfield code="a">Calisto di Simone di Nicholo</subfield>
    <subfield code="3">IT\ICCU\CNCT\002399</subfield>
    <subfield code="z">Nardi, Callisto</subfield>
  </datafield>
  <datafield tag="791" ind1="0" ind2="0">
    <subfield code="a">Symeon, Calistrus</subfield>
    <subfield code="3">IT\ICCU\CNCT\002400</subfield>
    <subfield code="z">Nardi, Callisto</subfield>
  </datafield>
  <datafield tag="791" ind1="0" ind2="0">
    <subfield code="a">Bindi, Callisto</subfield>
    <subfield code="3">IT\ICCU\CNCT\004004</subfield>
    <subfield code="z">Nardi, Callisto</subfield>
  </datafield>
  <datafield tag="791" ind1="0" ind2="2">
    <subfield code="a">Giovanni di Alexandro</subfield>
    <subfield code="3">IT\ICCU\CNCT\002718</subfield>
    <subfield code="z">Landi, Giovanni</subfield>
  </datafield>
  <datafield tag="791" ind1="0" ind2="2">
    <subfield code="a">G. di A. L.</subfield>
    <subfield code="3">IT\ICCU\CNCT\002892</subfield>
    <subfield code="z">Landi, Giovanni</subfield>
  </datafield>
  <datafield tag="791" ind1="0" ind2="2">
    <subfield code="a">Giovanni di A. L.</subfield>
    <subfield code="3">IT\ICCU\CNCT\002893</subfield>
    <subfield code="z">Landi, Giovanni</subfield>
  </datafield>
  <datafield tag="791" ind1="0" ind2="2">
    <subfield code="a">Ioannes Alexandri</subfield>
    <subfield code="3">IT\ICCU\CNCT\004896</subfield>
    <subfield code="z">Landi, Giovanni</subfield>
  </datafield>
  <datafield tag="801" ind1=" " ind2="3">
    <subfield code="a">IT</subfield>
    <subfield code="b">ICCU</subfield>
    <subfield code="c">20201115</subfield>
  </datafield>
  <datafield tag="899" ind1=" " ind2=" ">
    <subfield code="a">Biblioteca comunale degli Intronati. Siena</subfield>
    <subfield code="1">SI0046</subfield>
    <subfield code="2">RT1 QI</subfield>
  </datafield>
  <datafield tag="921" ind1=" " ind2=" ">
    <subfield code="a">IT\ICCU\CNCM\002624</subfield>
    <subfield code="b">Cigno coronato in rettangolo centrale. Ai lati in altri due rettangoli, monti a tre cime e due stelle in scudi con iniziali G. C.</subfield>
    <subfield code="c">U1138</subfield>
    <subfield code="f">CIGNO</subfield>
    <subfield code="f">MONTE</subfield>
    <subfield code="f">STELLA</subfield>
    <subfield code="f">GC</subfield>
    <subfield code="f">SCUDO</subfield>
    <subfield code="g">1512-1540</subfield>
  </datafield>
</record>
</collection>
